@book{brezis1973ope,
	title={Op√©rateurs maximaux monotones et semi-groupes de contractions dans 
	les espaces de Hilbert},
	author={Brezis, Haim},
	year={1973},
	publisher={Elsevier}
}

@article{10.2307/2373376,
	ISSN = {00029327, 10806377},
	URL = {http://www.jstor.org/stable/2373376},
	author = {M. G. Crandall and T. M. Liggett},
	journal = {American Journal of Mathematics},
	number = {2},
	pages = {265--298},
	publisher = {Johns Hopkins University Press},
	title = {Generation of Semi-Groups of Nonlinear Transformations on General Banach Spaces},
	volume = {93},
	year = {1971}
}

@article{hoerl1970ridge,
	title={Ridge regression: Biased estimation for nonorthogonal problems},
	author={Hoerl, Arthur E and Kennard, Robert W},
	journal={Technometrics},
	volume={12},
	number={1},
	pages={55--67},
	year={1970},
	publisher={Taylor \& Francis}
}

@article{signoretto2014learning,
	title={Learning with tensors: a framework based on convex optimization and spectral regularization},
	author={Signoretto, Marco and Dinh, Quoc Tran and De Lathauwer, Lieven and Suykens, Johan AK},
	journal={Machine Learning},
	volume={94},
	number={3},
	pages={303--351},
	year={2014},
	publisher={Springer}
}

@inproceedings{jacob2009group,
	title={Group lasso with overlap and graph lasso},
	author={Jacob, Laurent and Obozinski, Guillaume and Vert, Jean-Philippe},
	booktitle={Proceedings of the 26th annual international conference on machine learning},
	pages={433--440},
	year={2009}
}

@book{rockafellar2015convex,
	title={Convex analysis},
	author={Rockafellar, Ralph Tyrell},
	year={2015},
	publisher={Princeton university press}
}

@book{brezis2011functional,
	title={Functional analysis, Sobolev spaces and partial differential equations},
	author={Brezis, Haim and Br{\'e}zis, Haim},
	volume={2},
	number={3},
	year={2011},
	publisher={Springer}
}

@article{borwein2010fifty,
	title={Fifty years of maximal monotonicity},
	author={Borwein, Jonathan M},
	journal={Optimization Letters},
	volume={4},
	number={4},
	pages={473--490},
	year={2010},
	publisher={Springer}
}

@article{DBLP:journals/corr/BadrinarayananK15,
	author    = {Vijay Badrinarayanan and
	Alex Kendall and
	Roberto Cipolla},
	title     = {SegNet: {A} Deep Convolutional Encoder-Decoder Architecture for Image
	Segmentation},
	journal   = {CoRR},
	volume    = {abs/1511.00561},
	year      = {2015},
	url       = {http://arxiv.org/abs/1511.00561},
	eprinttype = {arXiv},
	eprint    = {1511.00561},
	timestamp = {Mon, 13 Aug 2018 16:46:06 +0200},
	biburl    = {https://dblp.org/rec/journals/corr/BadrinarayananK15.bib},
	bibsource = {dblp computer science bibliography, https://dblp.org}
}

@article{edunov2018understanding,
	title={Understanding back-translation at scale},
	author={Edunov, Sergey and Ott, Myle and Auli, Michael and Grangier, David},
	journal={arXiv preprint arXiv:1808.09381},
	year={2018}
}

@article{park2020improved,
	title={Improved noisy student training for automatic speech recognition},
	author={Park, Daniel S and Zhang, Yu and Jia, Ye and Han, Wei and Chiu, Chung-Cheng and Li, Bo and Wu, Yonghui and Le, Quoc V},
	journal={arXiv preprint arXiv:2005.09629},
	year={2020}
}

@misc{uniBernLecNotes,
	author={Favaro, P.},
	year={2021},
	month={February},
	title={Lecture Slides in Advanced Topics in Machine Learning},
	publisher={University of Bern},
	howpublished = {"\url{https://www.cvg.unibe.ch/teaching/course/ATML}"},
}